@INPROCEEDINGS{Antoy06overlappingrules,
    author = {Sergio Antoy and Michael Hanus},
    title = {Overlapping Rules and Logic Variables in Functional Logic Programs},
    booktitle = {In Twenty Second International Conference on Logic Programming},
    year = {2006},
    pages = {87--101},
    publisher = {Springer LNCS}
}


% http://ieeexplore.ieee.org/xpl/login.jsp?tp=&arnumber=151654&url=http%3A%2F%2Fieeexplore.ieee.org%2Fxpls%2Fabs_all.jsp%3Farnumber%3D151654

@article{Yardeni:1991:TSL:110703.110705,
 author = {Yardeni, Eyal and Shapiro, Ehud},
 title = {A type system for logic program},
 journal = {J. Log. Program.},
 issue_date = {Feb. 1991},
 volume = {10},
 number = {2},
 month = jan,
 year = {1991},
 issn = {0743-1066},
 pages = {125--153},
 numpages = {29},
 url = {http://dx.doi.org/10.1016/0743-1066(91)80002-U},
 doi = {10.1016/0743-1066(91)80002-U},
 acmid = {110705},
 publisher = {Elsevier Science Inc.},
 address = {New York, NY, USA},
} 


% M. Florido and L. Damas. Types as theories. In Proc. of post-conference workshop on Proofs and Types, Joint International Conference and Symposium on Logic Programming, 1992.


@inproceedings{DBLP:conf/iclp/Zobel87,
  author    = {Justin Zobel},
  title     = {Derivation of Polymorphic Types for PROLOG Programs},
  booktitle = {ICLP},
  year      = {1987},
  pages     = {817-838},
  bibsource = {DBLP, http://dblp.uni-trier.de}
}

